@article{dialogue-hri-review,
  author = {M. M. Reimann and F. A. Kunneman and C. Oertel and K. V. Hindriks},
  title = {A Survey of Dialogue Management in Human-Robot Interaction},
  year = {2023},
  eprint = {2307.10897},
  archivePrefix = {arXiv},
  primaryClass = {cs.RO},
  url = {https://arxiv.org/abs/2307.10897}
}
@misc{hri-overview,
  author = {{Wikipedia contributors}},
  title = {Humanâ€“robot interaction},
  url = {https://en.wikipedia.org/wiki/Human%E2%80%93robot_interaction},
  year = {2024},
  note = {Wikipedia article}
}

@article{explainable-rl,
  author = {F. Cruz and R. Dazeley and P. Vamplew and I. Moreira},
  title = {Explainable Robotic Systems in Reinforcement Learning Scenarios},
  year = {2020},
  eprint = {2006.13615},
  archivePrefix = {arXiv},
  primaryClass = {cs.LG},
  url = {https://arxiv.org/abs/2006.13615}
}

@misc{subsumption,
  author = {{Wikipedia contributors}},
  title = {Subsumption architecture},
  url = {https://en.wikipedia.org/wiki/Subsumption_architecture},
  year = {2024},
  note = {Wikipedia article}
}

@article{trust-explainable,
  author = {Daisy Zhe Wang and others},
  title = {Trust Calibration in Explainable Robots},
  year = {2020},
  eprint = {2005.05940},
  archivePrefix = {arXiv},
  primaryClass = {cs.HC},
  url = {https://arxiv.org/abs/2005.05940}
}

@article{explanations-effect,
  author = {L. Sanneman and J. A. Shah},
  title = {Effects of Robot Explanations on Human Perceptions},
  year = {2020},
  eprint = {2005.05940},
  archivePrefix = {arXiv},
  primaryClass = {cs.HC},
  url = {https://arxiv.org/abs/2005.05940}
}

@misc{ethical-black-box,
  author = {M. Jirotka},
  title = {Ethical Black Box for Robots},
  year = {2024},
  url = {https://en.wikipedia.org/wiki/Marina_Jirotka},
  note = {Wikipedia entry on Marina Jirotka's work on accountability in robotics}
}
